<collection xmlns="http://www.loc.gov/MARC21/slim">
<record>
  <leader>00988nam0a2200241 i 450 </leader>
  <controlfield tag="001">IT\ICCU\CNCE\019847</controlfield>
  <controlfield tag="005">20120711000000.0</controlfield>
  <datafield tag="012" ind1=" " ind2=" ">
    <subfield code="a">      </subfield>
    <subfield code="2">fei</subfield>
    <subfield code="9">INR</subfield>
  </datafield>
  <datafield tag="100" ind1=" " ind2=" ">
    <subfield code="a">19970101d1599        0itac0103    ba</subfield>
  </datafield>
  <datafield tag="101" ind1=" " ind2=" ">
    <subfield code="a">LAT</subfield>
  </datafield>
  <datafield tag="102" ind1=" " ind2=" ">
    <subfield code="a">IT</subfield>
  </datafield>
  <datafield tag="200" ind1="1" ind2=" ">
    <subfield code="a">Palatia procerum Romanae urbis. Hieronymi Franzini bibliopolae ad signum Fontis opera</subfield>
  </datafield>
  <datafield tag="210" ind1=" " ind2=" ">
    <subfield code="a">Romae</subfield>
    <subfield code="c">\eredi di Girolamo Franzini!</subfield>
    <subfield code="d">1599</subfield>
  </datafield>
  <datafield tag="215" ind1=" " ind2=" ">
    <subfield code="a">\96! c.</subfield>
    <subfield code="c">tutte ill.</subfield>
    <subfield code="d">16ʻ</subfield>
  </datafield>
  <datafield tag="620" ind1=" " ind2=" ">
    <subfield code="a">IT</subfield>
    <subfield code="d">Roma</subfield>
  </datafield>
  <datafield tag="700" ind1=" " ind2="1">
    <subfield code="a">Franzini,</subfield>
    <subfield code="b">Girolamo</subfield>
    <subfield code="3">IT\ICCU\CNCA\005571</subfield>
  </datafield>
  <datafield tag="712" ind1="0" ind2="0">
    <subfield code="a">Franzini, Girolamo - eredi</subfield>
    <subfield code="3">IT\ICCU\CNCT\001079</subfield>
    <subfield code="4">650</subfield>
  </datafield>
  <datafield tag="790" ind1=" " ind2="1">
    <subfield code="a">Francino,</subfield>
    <subfield code="b">Girolamo</subfield>
    <subfield code="3">IT\ICCU\CNCA\018865</subfield>
    <subfield code="z">Franzini, Girolamo</subfield>
  </datafield>
  <datafield tag="790" ind1=" " ind2="1">
    <subfield code="a">Franzinus,</subfield>
    <subfield code="b">Hieronymus</subfield>
    <subfield code="3">IT\ICCU\CNCA\018866</subfield>
    <subfield code="z">Franzini, Girolamo</subfield>
  </datafield>
  <datafield tag="801" ind1=" " ind2="3">
    <subfield code="a">IT</subfield>
    <subfield code="b">ICCU</subfield>
    <subfield code="c">20201114</subfield>
  </datafield>
  <datafield tag="899" ind1=" " ind2=" ">
    <subfield code="a">Biblioteca civica Girolamo Tartarotti. Rovereto</subfield>
    <subfield code="1">TN0103</subfield>
    <subfield code="2">ZTN 08</subfield>
  </datafield>
  <datafield tag="911" ind1=" " ind2=" ">
    <subfield code="a">Sul front.</subfield>
    <subfield code="9">IT\ICCU\CNCM\000248</subfield>
  </datafield>
  <datafield tag="921" ind1=" " ind2=" ">
    <subfield code="a">IT\ICCU\CNCM\000248</subfield>
    <subfield code="b">Fontana zampillante sorretta da puttini.</subfield>
    <subfield code="c">V211</subfield>
    <subfield code="f">FONTANA</subfield>
    <subfield code="g">1594-1600</subfield>
  </datafield>
</record>
</collection>
